Account Name       :                	Mr. AAKASH  KUMAR
Address            :	FLAT NO 3, MC QUADROS BLDG.,
                                    	ABOVE NITIN GENERAL STORES,
                                    	DOWN MANGOR,VASCO-403802
                                    	South Goa
Date               :                	29 May 2021
Account Number     :	_00000032353687265
Account Description:	REGULAR SB CHQ-INDIVIDUALS
Branch             :	MANGOR HILL
Drawing Power      :	0.00
Interest Rate(% p.a.):	2.7
MOD Balance      :	0.00
CIF No.          :	_86344127788
IFS (Indian Financial System) Code         :	SBIN0010722
MICR (Magnetic Ink Character Recognition)  Code        :	_403002060
Nomination Registered    :	No 
Balance on 1 May 2021        :	83,441.05
Start Date          :	1 May 2021
End Date            :	31 May 2021
Txn Date	Value Date	Description	Ref No./Cheque No.	        Debit	Credit	Balance	
1 May 2021	1 May 2021	   BY TRANSFER-UPI/CR/112184857105/VENKATES/BARB/7905845960/Payme--	TRANSFER FROM 4693566162096	 	20,000.00	1,03,441.05
1 May 2021	1 May 2021	   BY TRANSFER-UPI/CR/112181510808/VENKATES/BARB/7905845960/Payme--	TRANSFER FROM 4693605162094	 	10,000.00	1,13,441.05
2 May 2021	2 May 2021	   TO TRANSFER-UPI/DR/112286897873/Dunzo Di/INDB/dunzo.payu/Payme--	TRANSFER TO 5098084162091	86.00	 	1,13,355.05
3 May 2021	3 May 2021	   TO TRANSFER-INB Billpay ~ BSE Limited ~ Autopay--	IB75601971               TRANSFER TO 3199628162097	2,000.00	 	1,11,355.05
3 May 2021	3 May 2021	   TO TRANSFER-INB Billpay ~ BSE Limited ~ Autopay--	IB75612179               TRANSFER TO 3199627162098	500.00	 	1,10,855.05
3 May 2021	3 May 2021	   TO TRANSFER-INB Billpay ~ BSE Limited ~ Autopay--	IB75621782               TRANSFER TO 3199628162097	1,000.00	 	1,09,855.05
3 May 2021	3 May 2021	   TO TRANSFER-UPI/DR/112368781848/Dunzo Di/INDB/dunzo.payu/Payme--	TRANSFER TO 4692449162097	3,544.00	 	1,06,311.05
3 May 2021	3 May 2021	   BY TRANSFER-UPI/CR/112321233892/Dunzo Di/INDB/dunzo.payu/Refun--	TRANSFER FROM 5098812162097	 	3,544.00	1,09,855.05
4 May 2021	4 May 2021	   TO TRANSFER-UPI/DR/112488124170/P SHANKAR/BKID/7975724478/Paym--	TRANSFER TO 4693898162097	50.00	 	1,09,805.05
4 May 2021	4 May 2021	   TO TRANSFER-UPI/DR/112431028580/PRAVEEN /HDFC/9600652669/Payme--	TRANSFER TO 4693895162090	5,500.00	 	1,04,305.05
4 May 2021	4 May 2021	   BY TRANSFER-UPI/CR/112489377626/PRAVEEN /HDFC/9600652669/Payme--	TRANSFER FROM 5098303162096	 	774.00	1,05,079.05
4 May 2021	4 May 2021	   TO TRANSFER-UPI/DR/112475499297/Swiggy/UTIB/swiggyupi@/Payment--	TRANSFER TO 5097628162095	166.00	 	1,04,913.05
5 May 2021	5 May 2021	   TO TRANSFER-UPI/DR/112503044528/Swiggy/UTIB/swiggyupi@/Payment--	TRANSFER TO 5097736162091	316.00	 	1,04,597.05
6 May 2021	6 May 2021	   TO TRANSFER-UPI/DR/112665418966/Nextbill/ICIC/groww.razo/Payme--	TRANSFER TO 5097798162098	2,000.00	 	1,02,597.05
6 May 2021	6 May 2021	   TO TRANSFER-UPI/DR/112608869427/Swiggy/UTIB/swiggyupi@/Payment--	TRANSFER TO 5097790162095	137.00	 	1,02,460.05
7 May 2021	7 May 2021	   TO TRANSFER-INB e-TDR/e-STDR--	00000040172248721IW60664501               TRANSFER	1,000.00	 	1,01,460.05
7 May 2021	7 May 2021	   BY TRANSFER-INB testing--	TRANSFER FROM 40172248721                         	 	1,000.00	1,02,460.05
7 May 2021	7 May 2021	   TO TRANSFER-INB e-TDR/e-STDR--	00000040172261661IW60664645               TRANSFER	40,000.00	 	62,460.05
7 May 2021	7 May 2021	   TO TRANSFER-INB e-TDR/e-STDR--	00000040172232040IW60664583               TRANSFER	20,000.00	 	42,460.05
7 May 2021	7 May 2021	   TO TRANSFER-UPI/DR/112753461079/PRAKASH B/SBIN/prakashshr/Paym--	TRANSFER TO 4694193162090	718.00	 	41,742.05
8 May 2021	8 May 2021	   TO TRANSFER-UPI/DR/112832070893/MedPlus/YESB/MEDPLUSBAN/Paymen--	TRANSFER TO 5098012162096	17.00	 	41,725.05
8 May 2021	8 May 2021	   TO TRANSFER-INB Happy Easy Go--	396918835IGALCDHLM1               TRANSFER TO 4899	3,787.00	 	37,938.05
8 May 2021	8 May 2021	   TO TRANSFER-UPI/DR/112866006644/Swiggy/UTIB/swiggyupi@/Payment--	TRANSFER TO 5098009162090	687.00	 	37,251.05
9 May 2021	9 May 2021	   BY TRANSFER-UPI/CR/112908313375/SHRI PRA/SBIN/shriprakas/UPI--	TRANSFER FROM 4693713162091	 	678.00	37,929.05
9 May 2021	9 May 2021	   TO TRANSFER-UPI/DR/112941327621/SIRGAI T/PYTM/9010263638/Payme--	TRANSFER TO 4898925162095	849.00	 	37,080.05
11 May 2021	11 May 2021	   TO TRANSFER-INB Billpay ~ BSE Limited ~ Autopay--	IB75978660               TRANSFER TO 3199631162092	2,000.00	 	35,080.05
18 May 2021	18 May 2021	   TO TRANSFER-INB Billpay ~ BSE Limited ~ Autopay--	IB76198859               TRANSFER TO 3199630162092	2,000.00	 	33,080.05
18 May 2021	18 May 2021	   TO TRANSFER-UPI/DR/113874574162/VODAFONE/HSBC/vipreidea@/Payme--	TRANSFER TO 5097610162094	49.00	 	33,031.05
18 May 2021	18 May 2021	   TO TRANSFER-UPI/DR/113809496247/VODAFONE/HSBC/vipreidea@/Payme--	TRANSFER TO 5097619162096	48.00	 	32,983.05
19 May 2021	19 May 2021	   TO TRANSFER-UPI/DR/113908724463/VODAFONE/HSBC/vipreidea@/Payme--	TRANSFER TO 5097733162094	16.00	 	32,967.05
19 May 2021	19 May 2021	   TO TRANSFER-UPI/DR/113949628323/Swiggy/UTIB/swiggyupi@/Payment--	TRANSFER TO 5097736162091	140.00	 	32,827.05
20 May 2021	20 May 2021	   TO TRANSFER-INB e-TDR/e-STDR---	00000040187274833IW60957535               TRANSFER	2,000.00	 	30,827.05
21 May 2021	21 May 2021	   BY TRANSFER-UPI/CR/114113447048/BHAVANA /SBIN/bhawanakmr/UPI--	TRANSFER FROM 4693519162092	 	150.00	30,977.05
21 May 2021	21 May 2021	   TO TRANSFER-UPI/DR/114113454376/BHAVANA /SBIN/bhawanakmr/UPI--	TRANSFER TO 4694240162097	150.00	 	30,827.05
21 May 2021	21 May 2021	   BY TRANSFER-UPI/CR/114145520988/BHAVANA /SBIN/9075833567/Payme--	TRANSFER FROM 5098604162094	 	150.00	30,977.05
21 May 2021	21 May 2021	   TO TRANSFER-UPI/DR/114114917800/BHAVANA /SBIN/bhawanakmr/UPI--	TRANSFER TO 4897677162093	150.00	 	30,827.05
21 May 2021	21 May 2021	   TO TRANSFER-UPI/DR/114114943015/BHAVANA /SBIN/bhawanakmr/UPI--	TRANSFER TO 4694288162093	150.00	 	30,677.05
21 May 2021	21 May 2021	   TO TRANSFER-UPI/DR/114110993256/PHONEPE/YESB/NEXUSWALLE/Paymen--	TRANSFER TO 4692601162095	30.00	 	30,647.05
23 May 2021	23 May 2021	   BY TRANSFER-UPI/CR/114315118484/BHAVANA /SBIN/bhawanakmr/UPI--	TRANSFER FROM 5099287162094	 	2.00	30,649.05
24 May 2021	24 May 2021	   TO TRANSFER-INB Billpay ~ BSE Limited ~ Autopay--	IB76339420               TRANSFER TO 3199627162098	2,000.00	 	28,649.05
24 May 2021	24 May 2021	   TO TRANSFER-UPI/DR/114421527283/AMAZON/UTIB/amazon@apl/You are--	TRANSFER TO 5097552162098	475.00	 	28,174.05
25 May 2021	25 May 2021	   TO TRANSFER-UPI/DR/114561404395/Swiggy/UTIB/swiggyupi@/Payment--	TRANSFER TO 4692474162097	180.00	 	27,994.05
26 May 2021	26 May 2021	   BY TRANSFER-NEFT*HDFC0000240*N146211513127373*GREAT LAKES E--	TRANSFER FROM 3199678044303	 	15,750.00	43,744.05
27 May 2021	27 May 2021	   TO TRANSFER-UPI/DR/114716950096/ZERODHA /HDFC/zerodhabro/Zerod--	TRANSFER TO 5097818162099	300.00	 	43,444.05
27 May 2021	27 May 2021	   BY TRANSFER-INB IMPS114716465527/9986982020/XX3413/--	MAB000766555562          MAB000766555562          	 	1.00	43,445.05
27 May 2021	27 May 2021	   BY TRANSFER-INB Emergency--	TRANSFER FROM 40187274833                         	 	2,001.00	45,446.05
27 May 2021	27 May 2021	   TO TRANSFER-UPI/DR/114719734148/BHAVANA /SBIN/bhawanakmr/remai--	TRANSFER TO 5097852162097	350.00	 	45,096.05
28 May 2021	28 May 2021	   by debit card-SBIPOS003309505468INSTAKART SERVICES PVT SOUTH GOA--		4,899.00	 	40,197.05

**This is a computer generated statement and does not require a signature

